<?xml version="1.0" encoding="UTF-8"?><collection xmlns="http://www.loc.gov/MARC21/slim"><record><leader>00365nam--2200121-i-4500</leader><controlfield tag="001">000004687</controlfield><controlfield tag="002">20161230</controlfield><controlfield tag="005">20161230201026</controlfield><controlfield tag="008">060222s1000------------r-----000-0-eng-d</controlfield><datafield ind1=" " ind2=" " tag="100"><subfield code="a">Aronson, M.L., Klein, M.L., Morgan, H.C</subfield></datafield><datafield ind1=" " ind2=" " tag="245"><subfield code="a">Digital techniques for computation and control</subfield></datafield><datafield ind1=" " ind2=" " tag="260"><subfield code="a">Pittsburgh, Instruments Publ.Co., 1958 X + 394 P.Cu Figuri</subfield></datafield><datafield ind1=" " ind2=" " tag="852"><subfield code="a">14173</subfield></datafield></record></collection>